@article{hu2015stochastic,
  title={A stochastic Galerkin method for Hamilton--Jacobi equations with uncertainty},
  author={Hu, Jingwei and Jin, Shi and Xiu, Dongbin},
  journal={To appear},
  year={2015}
}
